%-----------------------------------------------------------------------------%
%                                                                             %
%                           Literature AfriConAI 2022                         %
%                                                                             %
%                                                                             %
% CONTENT:             BIB Data Base                                          %
%                                                                             %
% REVISION HISTORY     17-JUN-22: Initial Version                             %
%                                                                             %
%-----------------------------------------------------------------------------%

@ARTICLE{8859181,  author={Boteler, David H. and Pirjola, Risto J. and Marti, Luis},  journal={IEEE Access},   title={Analytic Calculation of Geoelectric Fields Due to Geomagnetic Disturbances: A Test Case},   year={2019},  volume={7},  number={},  pages={147029-147037},  doi={10.1109/ACCESS.2019.2945530}}

@misc{garner_2015, title={Solar storm and space weather - frequently asked questions}, url={https://www.nasa.gov/mission_pages/sunearth/spaceweather/index.html}, journal={NASA}, publisher={NASA}, author={Garner, Rob}, year={2015}, month={Mar}} 
 
@misc{nasa, title={Geomagnetically induced currents (gics)}, url={https://www.jpl.nasa.gov/infographics/geomagnetically-induced-currents-gics}, journal={NASA}, publisher={NASA}} 

@misc{new scientist_1989, title={New theory to explain 'cold fusion'}, url={https://www.newscientist.com/article/mg12216702-000-new-theory-to-explain-cold-fusion/}, journal={New Scientist}, publisher={New Scientist}, year={1989}, month={Jun}} 
 
@misc{sciencedaily_2017, title={Scientist studies whether solar storms cause animal beachings}, url={https://www.sciencedaily.com/releases/2017/02/170206083827.htm}, journal={ScienceDaily}, publisher={ScienceDaily}, year={2017}, month={Feb}} 
 
@misc{noaa national centers for environmental information (ncei)_2005, title={USDOC/NOAA/NESDIS/NGDC}, url={https://www.ngdc.noaa.gov/sxi/sxi_greatest.html}, journal={NOAA National Centers for Environmental Information (NCEI)}, publisher={U.S. Department of Commerce}, year={2005}, month={Dec}}

@misc{onepetro.org, url={https://onepetro.org/NACECORR/proceedings/CORR01/All-CORR01/NACE-01317/112880}, journal={Onepetro.org}} 

 @misc{ieee xplore, title={Calculation of induced electric field during a geomagnetic storm using recursive convolution}, url={https://ieeexplore.ieee.org/document/6766269/}, journal={IEEE Xplore}} 